% @book {SF1,
% author = {Pierce, Benjamin C. et al.},
% year = {2021},
% title = {Logical Foundations},
% publisher = {Software Foundations},
% url = {https://softwarefoundations.cis.upenn.edu/lf-current/index.html},
% urldate = {2022-05-15},
% keywords = {p}
% }
% 
% 
% @book {SF2,
% author = {Pierce, Benjamin C. et al.},
% year = {2021},
% title = {Programming Language Foundations},
% publisher = {Software Foundations},
% url = {https://softwarefoundations.cis.upenn.edu/plf-current/index.html},
% urldate = {2022-05-15},
% keywords = {p}
% }
% 
% @book {PHdProbExtensions,
% author = {den Hartog, J.I.},
% year = {2002},
% title = {Probabilistic Extensions of Semantical Models},
% publisher = {VU Research Portal, Vrije Universiteit Amsterdam},
% url = {https://research.vu.nl/ws/portalfiles/portal/42180960/complete+dissertation.pdf},
% urldate = {2022-05-13},
% keywords = {p}
% }
% 
% %Wrong IMP
% %@online {ImpWiki,
% %author = {Wikipedia},
% %year = {2022},
% %title = {IMP (programming language)},
% %publisher = {Wikipedia.org},
% %url = {https://en.wikipedia.org/wiki/IMP_(programming_language)},
% %urldate = {2022-05-20},
% %keywords = {p}
% %}
% 
% 
% @online {ImperativeWiki,
% author = {Wikipedia},
% year = {2022},
% title = {Imperative programming},
% publisher = {Wikipedia.org},
% url = {https://en.wikipedia.org/wiki/Imperative_programming},
% urldate = {2022-05-21},
% keywords = {p}
% }
% 
% @book {JesperLecImp,
% author = {Bengtson, Jesper},
% year = {2022},
% title = {Program Verification - Operational Semantics (Lecture 7 slides)},
% publisher = {[online via internal course system LearnIT] IT University of Copenhagen},
% urldate = {2022-05-21},
% keywords = {p}
% }
% 
% %Wrong imp
% %@book {ConcreteSemantics,
% %author = {Nipkow, Tobias \& Klein, Gerwin},
% %year = {2021},
% %title = {Concrete Semantics - with Isabelle/HOL},
% %publisher = {Springer-Verlag},
% %url = {http://concrete-semantics.org/concrete-semantics.pdf},
% %urldate = {2022-05-21},
% %keywords = {p}
% %}
% 
% @online {HoareSlides,
% author = {{IMDEA Software Institute}},
% year = {2013},
% title = {Lecture 6: Probability Computations, Failure Events (slides)},
% publisher = {IMDEA Software Institute},
% url = {https://software.imdea.org/projects/certicrypt/2013.UPenn.school/slides/lecture6.pdf},
% urldate = {2022-04-25},
% keywords = {p}
% }
% 
% @online {CoqIntro,
% author = {INRIA-Rocquencourt},
% year = {2022},
% title = {What is Coq?},
% publisher = {INRIA-Rocquencourt},
% url = {https://coq.inria.fr/about-coq},
% urldate = {2022-05-22},
% keywords = {p}
% }
% 
% @online {MontyHallWiki,
% author = {Wikipedia},
% year = {2022},
% title = {Monty Hall problem},
% publisher = {Wikipedia.org},
% url = {https://en.wikipedia.org/wiki/Monty_Hall_problem},
% urldate = {2022-05-22},
% keywords = {p}
% }
% 
% @online {infotheo,
% author = {Affeldt, Reynald et al.},
% year = {2022},
% title = {infotheo - A Coq formalization of information theory and linear error correcting codes},
% publisher = {infotheo},
% url = {https://github.com/affeldt-aist/infotheo},
% urldate = {2022-04-25},
% keywords = {p}
% }
% 
% @book {mathcomp,
% author = {{Mathematical Components team}},
% year = {2022},
% title = {mathcomp - The Mathematical Components repository},
% publisher = {Inria-Microsoft Research Joint Center},
% url = {https://github.com/math-comp/math-comp},
% urldate = {2022-04-25},
% keywords = {p}
% }
% 
% % Pierre-Yves Strub
% % https://github.com/EasyCrypt/easycrypt
% @online {easycrypt,
% author = {Strub, Pierre-Yves et al.},
% year = {2022},
% title = {EasyCrypt: Computer-Aided Cryptographic Proofs},
% publisher = {easycrypt},
% url = {https://github.com/EasyCrypt/easycrypt},
% urldate = {2022-04-25},
% keywords = {p}
% }
% 
% %%%%%%%%%% REMEMBER THESE LINKS/REFERENCES %%%%%%%%%%%%%%%%
% 
% 
% 
% %Examples:
% %Primær
% %@online {distancecalculator,
% %author = {Williams, Ed},
% %year = {2003},
% %title = {Latitude/Longitude Distance Calculator},
% %publisher = {National Hurricane Center},
% %url = {https://www.nhc.noaa.gov/gccalc.shtml},
% %urldate = {2021-05-22},
% %keywords = {p}
% %}
% 
% 
% %@book {Sestoftsoftwaretesting,
% %author = {Sestoft, Peter},
% %year = {2008},
% %title = {Systematic software testing},
% %publisher = {[online via internt kursussystem LearnIT] IT-Universitetet},
% %urldate = {2021-05-20},
% %keywords = {p}
% %}
% 
% 
% %Sekundær
% %@book {SestoftUdformningAfrapporter,
% %author = {Sestoft, Peter},
% %year = {2000},
% %title = {Udformning af rapporter},
% %publisher = {[online via internt kursussystem LearnIT] %IT-Universitetet},
% %urldate = {2021-05-20},
% %keywords = {s}
% %}
% 
% %@online {serializationTutorial,
% %author = {Oracle},
% %year = {2014},
% %title = {Serializable Objects},
% %publisher = {Oracle},
% %url = {https://docs.oracle.com/javase/tutorial/jndi/objects/serial.html},
% %urldate = {2021-05-23},
% %keywords = {s}
% %}
% 
% 